% Encoding: UTF-8

@Misc{VisualStudio,
  author       = {Microsoft},
  title        = {{Visual Studio}},
  howpublished = {\url{https://visualstudio.microsoft.com/pl/vs/}},
}

@Misc{CSharp,
  author       = {Microsoft},
  title        = {{Język C\#}},
  howpublished = {\url{https://docs.microsoft.com/pl-pl/dotnet/csharp/}},
}

@Misc{NetCore,
  author       = {Microsoft},
  howpublished = {\url{https://docs.microsoft.com/pl-pl/dotnet/core/}},
}

@Misc{WPF,
  author       = {Microsoft},
  title        = {{Windows Presentation Foundation}},
  howpublished = {\url{https://docs.microsoft.com/pl-pl/dotnet/framework/wpf/}},
}

@Misc{EFCore,
  author       = {Microsoft},
  title        = {{Entity Framework Core}},
  howpublished = {\url{https://docs.microsoft.com/pl-pl/ef/core/}},
}

@Misc{MaterialDesignXAML,
  author       = {James Willock},
  title        = {{Material Design In XAML}},
  howpublished = {\url{http://materialdesigninxaml.net/}},
}

@Misc{LiczbyNaSlowa,
  author       = {blogprogramisty.net},
  title        = {{LiczbyNaSlowaNetCore}},
  howpublished = {\url{https://github.com/przemekwa/LiczbyNaSlowaNET}},
}

@Misc{itext,
  author       = {iText},
  title        = {{iTextSharp}},
  howpublished = {\url{https://github.com/itext/itextsharp}},
}

@Book{WPFBook,
  title     = {WPF 4.5, Księga eksperta},
  publisher = {Helion},
  year      = {2015},
  author    = {Adam Nathan},
  editor    = {Paweł Gonera and Ireneusz Jakóbik},
}

@Book{MVVMBook,
  title     = {MVVM i XAML w Visual Studio 2015},
  publisher = {Helion},
  year      = {2016},
  author    = {Jacek Matulewski},
}

@Book{CSharpBook,
  title     = {C\#. Rusz głową! Wydanie III},
  publisher = {Helion, O'Reilly},
  year      = {2014},
  author    = {Jennifer Greene and Andrew Stellman},
}

@Book{EFCoreBook,
  title     = {Mastering Entity Framework Core 2.0},
  publisher = {Packt Publishing},
  year      = {2017},
  author    = {Prabhakaran Anbazhagan},
}

@book{UsingSQLite,
   title =     {Using SQLite},
   author =    {Jay Kreibich},
   publisher = {O’Reilly Media},
   isbn =      {0596521189},
   year =      {2010},
}

@Book{GithubBook,
  title     = {GitHub. Przyjazny przewodnik},
  publisher = {Helion},
  year      = {2015},
  author    = {Peter Bell and Brent Beer},
  editor    = {Piotr Cieślak},
}

@Comment{jabref-meta: databaseType:bibtex;}